2132 3380
300 171 396 237 178
810 174 1195 228 CORNELII
1236 173 1512 230 TACITI

289 301 622 366 Vespasianus
648 313 841 368 egerat:
878 305 1086 369 proinde
1120 305 1240 355 socii
1278 307 1342 356 de
1376 306 1583 369 imperio
1617 307 1868 371 utriusque
1904 325 2018 359 con-

186 374 262 446 98
284 391 551 453 jectabant.
628 393 724 442 Sed
745 393 1130 456 experimentum
1152 402 1324 442 contra
1341 393 1443 443 fuit.
1515 397 1591 443 Ac
1609 395 1768 458 primo
1791 397 2016 446 Valerius

289 482 477 543 Festus,
519 482 723 544 legatus,
768 482 930 531 studia
970 481 1345 545 provincialium
1389 498 1503 531 cum
1549 484 1649 533 fide
1691 486 1818 547 juvit
1839 505 1852 547 3
1900 502 2017 535 mox

286 571 507 632 nutabat,
535 572 698 634 palam
734 570 952 634 epistolis
988 570 1260 634 edictisque
1295 571 1564 634 Vitellium,
1591 573 1796 623 occultis
1831 574 2014 624 nuntiis

285 658 645 722 Vespasianum
679 661 866 719 fovens,
895 669 943 708 et
978 659 1102 708 haec
1136 658 1280 709 illave
1316 659 1617 720 defensurus,
1652 671 1799 724 prout
1832 662 2016 712 invalu-

283 745 448 796 issent.
536 747 846 811 Deprehensi
892 764 1006 796 cum
1057 745 1208 797 literis
1261 747 1534 811 edictisque
1580 750 1875 812 Vespasiani
1925 767 2014 814 per
2038 757 2062 788 2

284 836 510 885 Raetiam
538 845 586 884 et
611 836 795 885 Gallias
819 835 1031 884 militum
1067 845 1116 885 et
1152 835 1494 886 centurionum
1530 837 1746 899 quidam,
1774 838 1837 887 ad
1861 837 2014 888 Vitel-

280 922 397 971 lium
419 923 553 972 missi
571 933 838 972 necantur:
870 924 1033 987 plures
1052 925 1278 984 fefellere,
1299 923 1396 974 fide
1415 923 1682 973 amicorum
1709 933 1793 974 aut
1818 934 2012 975 suomet

279 1020 387 1060 astu
429 1011 673 1061 occultati.
741 1014 819 1060 Ita
858 1011 1044 1061 Vitellii
1086 1021 1284 1075 paratus
1324 1014 1671 1075 noscebantur,
1715 1013 2010 1077 Vespasiani
2035 1008 2059 1055 3

279 1098 595 1148 consiliorum
630 1101 864 1163 pleraque
900 1099 1082 1164 ignota,
1119 1100 1330 1164 primum
1370 1100 1598 1150 socordia
1632 1101 1851 1163 Vitellii3
1892 1101 2008 1151 dein

278 1186 596 1236 Pannonicae
612 1189 766 1251 Alpes
786 1187 1040 1251 praesidiis
1058 1187 1274 1238 insessae
1292 1188 1492 1238 nuntios
1510 1188 1800 1239 retinebant.
1865 1191 2006 1240 Mare

277 1291 473 1338 quoque
501 1275 775 1325 Etesiarum
804 1278 922 1325 flatu
957 1276 1008 1324 in
1046 1275 1300 1327 Orientem
1333 1276 1679 1340 navigantibus
1714 1278 2003 1340 secundum,

172 1361 250 1416 99
274 1363 391 1413 inde
425 1365 689 1414 adversum
726 1374 838 1415 erat.
911 1366 1143 1414 Tandem
1178 1364 1458 1428 inruptione
1493 1365 1725 1427 hostium,
1755 1365 2003 1415 atrocibus

274 1452 492 1516 undique
516 1453 700 1503 nuntiis
726 1453 992 1514 exterritus,
1021 1454 1289 1504 Caecinam
1312 1470 1373 1503 ac
1395 1455 1660 1504 Valentem
1685 1454 1913 1518 expedire
1937 1456 2003 1504 ad

272 1541 456 1590 bellum
471 1542 623 1604 jubet.
700 1541 1003 1592 Praemissus
1024 1541 1272 1592 Caecina:
1303 1543 1567 1592 Valentem
1586 1558 1613 1591 e
1631 1543 1765 1606 gravi
1784 1541 2000 1606 corporis

271 1633 448 1681 morbo
471 1641 576 1681 tum
601 1631 812 1696 primum
845 1633 1191 1696 adsurgentem
1227 1631 1481 1681 infirmitas
1516 1631 1756 1681 tardabat.
1829 1634 2001 1696 Longe
2029 1635 2053 1666 ²

271 1719 367 1769 alia
401 1720 756 1784 proficiscentis
793 1738 853 1770 ex
887 1722 1007 1770 urbe
1044 1720 1327 1771 Germanici
1362 1722 1601 1771 exercitus
1637 1720 1855 1783 species:
1897 1737 2000 1770 non

268 1807 405 1871 vigor
428 1808 731 1872 corporibus,
757 1825 859 1858 non
889 1809 1035 1858 ardor
1057 1808 1235 1858 animis
1252 1827 1266 1870 3
1299 1810 1487 1858 lentum
1523 1817 1572 1859 et
1605 1825 1766 1857 rarum
1802 1824 1993 1872 agmen,

267 1897 397 1945 fluxa
414 1913 563 1958 arma,
584 1913 758 1960 segnes
784 1897 897 1960 equi
916 1917 930 1959 3
961 1895 1206 1959 inpatiens
1232 1895 1363 1958 solis,
1384 1897 1610 1959 pulveris,
1630 1904 1994 1959 tempestatum,

268 1994 604 2049 quantumque
639 1986 794 2035 hebes
829 1985 894 2034 ad
930 1984 1273 2034 sustinendum
1307 1986 1528 2034 laborem
1563 1984 1718 2045 miles,
1755 1993 1894 2033 tanto
1929 1983 1994 2032 ad

267 2073 538 2123 discordias
561 2073 848 2138 promptior.
919 2074 1210 2123 Accedebat
1228 2074 1324 2121 huc
1344 2073 1590 2123 Caecinae
1609 2071 1813 2121 ambitio
1838 2081 1992 2135 vetus,
2022 2071 2046 2119 3

266 2169 434 2223 torpor
456 2177 628 2210 recens
652 2160 804 2210 nimia
828 2162 1051 2210 fortunae
1074 2159 1378 2223 indulgentia
1406 2159 1552 2209 soluti
1586 2161 1637 2207 in
1672 2161 1870 2210 luxum:
1907 2177 1994 2209 seu

263 2247 518 2311 perfidiam
553 2248 813 2298 meditanti
850 2248 1109 2311 infringere
1152 2249 1390 2297 exercitus
1431 2248 1659 2298 virtutem
1699 2248 1826 2298 inter
1865 2259 1992 2299 artes

264 2345 378 2386 erat.
454 2337 721 2387 Credidere
762 2336 982 2399 plerique
1025 2336 1179 2385 Flavii
1220 2336 1389 2386 Sabini
1435 2337 1652 2386 consiliis
1699 2352 1992 2387 concussam
2017 2346 2048 2386 4

264 2428 512 2478 Caecinae
553 2437 786 2491 mentem,
826 2427 1049 2477 ministro
1091 2444 1372 2478 sermonum
1420 2428 1610 2478 Rubrio
1657 2430 1838 2479 Gallo:
1886 2439 1992 2479 rata

315 2549 399 2589 CH.
421 2518 629 2589 XCVIII.
656 2559 671 2587 1
690 2550 891 2588 Valerius
904 2545 1077 2600 Festus]
1217 2558 1242 2587 2
1263 2550 1401 2594 Longe
1428 2546 1536 2601 alia]
1558 2547 1680 2588 Than
1707 2549 1819 2589 what
1846 2549 1879 2589 it
1905 2550 1989 2589 had

263 2603 333 2642 He
370 2617 454 2643 was
491 2602 647 2643 related
693 2608 738 2642 to
774 2602 980 2652 Vitellius,
1020 2602 1072 2642 iv.
1163 2602 1270 2642 been
1290 2608 1332 2642 at
1352 2603 1405 2642 its
1424 2608 1553 2654 entry.

259 2668 326 2707 49.
356 2668 390 2698 1.
1218 2668 1241 2708 3
1271 2659 1454 2696 ambmo
1471 2654 1619 2709 vetus]
1657 2656 1738 2696 His
1767 2656 1838 2696 old
1865 2656 1984 2698 habit

314 2722 339 2763 3
365 2713 636 2751 Pannonicae
654 2712 785 2755 Alpes
814 2738 823 2748 .
854 2738 863 2749 .
895 2741 903 2749 .
939 2710 1077 2759 Mare]
1163 2709 1212 2749 of
1233 2711 1421 2763 courting
1448 2711 1518 2751 the
1545 2717 1688 2763 troops
1716 2711 1771 2762 by
1789 2711 1982 2751 humour-

262 2765 447 2805 Isolated
495 2765 708 2817 Illyricum
755 2764 837 2803 and
883 2764 954 2804 the
991 2770 1079 2804 east
1162 2765 1234 2817 ing
1254 2765 1379 2805 them.

258 2820 534 2872 respectively.
1217 2830 1294 2858 seu
1343 2850 1353 2859 .
1410 2850 1420 2860 .
1476 2850 1486 2860 .
1542 2820 1661 2859 inter
1696 2821 1816 2857 artes
1861 2816 1979 2890 erat}

312 2873 574 2923 Etesiarum]
603 2873 696 2912 The
722 2882 829 2912 N.W.
855 2884 1078 2911 monsoons
1163 2873 1328 2913 Roman
1355 2873 1511 2913 writers
1544 2873 1672 2924 speak
1704 2872 1751 2912 of
1784 2872 1955 2924 ‘luxury

256 2926 305 2966 of
319 2928 388 2968 the
418 2929 589 2976 Levant,
619 2926 780 2977 usually
798 2926 1006 2966 reckoned
1034 2932 1077 2965 to
1160 2927 1203 2966 in
1250 2941 1274 2966 a
1318 2927 1412 2967 half
1452 2927 1737 2980 superstitious
1782 2939 1885 2978 way,
1932 2940 1978 2967 as

255 2982 367 3021 blow
387 2982 449 3021 for
468 2982 575 3033 forty
593 2981 695 3033 days
723 2980 829 3020 from
846 2980 945 3032 July
964 2981 1075 3019 20th.
1161 2982 1320 3033 though
1339 2982 1371 3021 it
1390 2994 1496 3021 were
1524 2995 1549 3020 a
1567 2980 1736 3020 definite
1753 2986 1912 3020 custom
1932 2994 1980 3020 or

309 3036 393 3076 CH.
428 3036 587 3075 XCIX.
628 3046 644 3074 1
667 3031 886 3087 expedire]
919 3034 978 3073 M.
1003 3034 1078 3074 has
1162 3035 1407 3084 institution,
1431 3035 1695 3087 deliberately
1714 3035 1895 3086 adopted
1923 3035 1978 3087 by

253 3091 439 3141 expediri,
472 3091 546 3130 but
576 3103 644 3130 see
672 3090 697 3130 i.
728 3087 791 3129 88.
819 3100 856 3139 2,
877 3088 959 3128 and
979 3095 1076 3129 note
1161 3103 1207 3129 or
1226 3091 1445 3143 suggested
1465 3097 1508 3130 to
1528 3104 1552 3130 a
1567 3089 1833 3141 community.

254 3156 308 3182 on
327 3158 352 3183 1.
379 3155 437 3184 10.
460 3155 497 3196 3.
