2132 3380
644 216 1218 274 HISTORIARUM
1262 218 1335 272 11.
1377 217 1458 272 26.
1811 232 1911 286 117

188 346 375 400 ratione
415 362 564 413 quam
604 363 837 414 prospera
877 366 938 400 ex
984 364 1101 399 casu
1146 348 1412 414 placerent,
1454 347 1692 412 compleri
1738 349 1909 409 fossas,

187 435 362 501 aperiri
375 450 619 500 campum,
635 436 788 501 pandi
804 436 961 488 aciem
977 437 1183 501 jubebat
1199 454 1214 499 3
1237 435 1354 487 satis
1368 437 1469 487 cito
1488 435 1638 500 incipi
1656 435 1911 486 victoriam

187 534 334 587 ratuS,
375 523 462 575 ubi
506 524 758 589 provisum
804 526 929 575 foret
974 541 1039 575 ne
1083 524 1406 575 vincerentur.
1479 526 1553 573 Ea
1597 524 1912 574 cunctatione
1937 535 1962 584 3

188 611 400 678 spatium
422 611 698 663 Vitellianis
723 614 894 663 datum
918 613 966 663 in
992 612 1175 677 vineas,
1200 629 1331 664 nexu
1355 612 1610 663 traducum
1635 612 1912 677 impeditas,

188 699 474 766 refugiendi.
546 702 611 751 Et
650 702 848 752 modica
888 701 1011 752 silva
1049 702 1387 764 adhaerebat;
1432 700 1567 751 unde
1606 717 1769 750 rursus
1808 700 1914 749 ausi

189 789 579 856 promptissimos
603 793 1022 856 praetorianorum
1057 791 1277 855 equitum
1307 790 1610 841 interfecere.
1681 792 1917 840 Volnera-

95 867 168 924 26
193 888 269 928 tur
290 894 376 929 rex
399 877 700 943 Epiphanes,
727 879 932 944 impigre
956 896 1046 945 pro
1076 880 1276 932 Othone
1311 896 1527 945 pugnam
1561 880 1711 930 ciens,
1783 881 1916 928 Tum

191 966 503 1019 Othonianus
548 968 702 1032 pedes
749 969 922 1033 erupit.
1003 968 1215 1019 Protrita
1260 968 1475 1019 hostium
1521 969 1643 1031 acie,
1691 966 1819 1018 versi
1865 968 1916 1016 in

191 1055 356 1120 fugam
401 1054 551 1106 etiam
597 1055 682 1119 qui
728 1056 1100 1107 subveniebant.
1183 1059 1314 1106 Nam
1360 1055 1578 1108 Caecina
1623 1071 1725 1106 non
1771 1055 1919 1105 simul

192 1144 422 1194 cohortes
455 1143 546 1194 sed
579 1143 794 1209 singulas
826 1144 1101 1208 acciverat3
1134 1161 1260 1209 quae
1294 1161 1371 1195 res
1405 1144 1457 1194 in
1491 1143 1678 1209 praelio
1712 1143 1921 1207 trepida·

193 1231 382 1282 tionem
404 1231 553 1292 auxit,
578 1247 692 1281 cum
716 1231 963 1297 dispersos
987 1250 1082 1283 nec
1105 1249 1314 1298 usquam
1337 1233 1528 1283 validos
1561 1248 1714 1297 pavor
1736 1230 1921 1295 fugien-

196 1321 319 1372 tium
342 1319 599 1385 abriperet.
672 1321 795 1371 Orta
817 1329 867 1370 et
890 1319 941 1369 in
975 1319 1146 1370 castris
1181 1320 1373 1382 sediti0,
1399 1320 1536 1385 quod
1570 1336 1673 1370 non
1707 1319 1920 1369 universi
1946 1331 1969 1363 2

195 1408 503 1458 ducerentur.
586 1406 795 1456 Vinctus
849 1408 1125 1472 praefectus
1182 1417 1449 1458 castrorum
1508 1408 1667 1470 Julius
1725 1408 1919 1467 GratuS‚

195 1505 448 1560 tamquam
482 1494 615 1544 fratri
648 1495 783 1559 apud
818 1495 1072 1545 Othonem
1106 1494 1334 1545 militanti
1368 1495 1701 1560 proditionem
1740 1504 1920 1559 ageret,

195 1600 311 1634 cum
333 1585 528 1634 fratrem
552 1585 672 1647 ejuS‚
697 1583 882 1647 Julium
907 1585 1209 1634 Frontonem
1234 1584 1496 1645 tribunum,
1525 1583 1799 1636 Othoniani
1831 1584 1923 1632 sub

196 1672 377 1724 eodem
400 1670 603 1722 crimine
624 1671 908 1721 vinxissent.
981 1673 1244 1723 Caeterum
1274 1688 1334 1722 ea
1367 1673 1554 1737 ubique
1588 1673 1800 1722 formido
1834 1671 1923 1721 fuit
1948 1681 1972 1729 3

196 1761 332 1826 apud
365 1762 618 1825 fugientes,
645 1769 972 1822 occursanteS‚
999 1759 1051 1809 in
1084 1759 1205 1821 acie,
1231 1777 1323 1825 pro
1357 1761 1501 1821 vallo,
1531 1770 1586 1810 ut
1620 1759 1773 1811 deleri
1808 1775 1922 1810 cum

197 1847 426 1899 universo
459 1847 675 1898 exercitu
709 1847 979 1898 Caecinam
1018 1848 1255 1912 potuisse,
1291 1848 1343 1898 ni
1385 1849 1650 1899 Suetonius
1691 1847 1923 1897 Paulinus

197 1936 417 2002 receptui
429 1935 703 1998 cecinisset,
720 1937 940 2000 utrisque
954 1936 1006 1985 in
1021 1936 1239 2000 partibus
1254 1936 1621 2001 percrebruerit.
1680 1936 1924 1987 Timuisse
1948 1955 1979 1996 4

197 2041 253 2076 se
289 2024 524 2075 Paulinus
558 2025 746 2074 ferebat
780 2033 972 2074 tantum
1007 2026 1208 2089 insuper
1237 2024 1418 2075 laboris
1452 2034 1600 2088 atque
1635 2024 1835 2085 itineris,
1861 2041 1926 2075 ne

201 2112 494 2163 Vitellianus
543 2111 685 2162 miles
736 2128 909 2162 recens
962 2128 990 2162 e
1041 2114 1213 2162 castris
1263 2114 1419 2163 fessos
1469 2113 1828 2176 adgrederetur,
1877 2123 1926 2162 et

202 2199 436 2265 perculsis
453 2201 642 2250 nullum
660 2209 790 2250 retro
813 2199 1087 2250 subsidium
1112 2202 1248 2251 foret.
1319 2201 1471 2265 Apud
1494 2217 1681 2265 paucos
1705 2217 1766 2251 ea
1788 2200 1927 2250 ducis

202 2289 325 2339 ratio
348 2289 568 2353 probata,
593 2288 644 2337 in
667 2290 838 2353 volgus
862 2289 1071 2340 adverso
1094 2305 1289 2340 rumore
1313 2289 1416 2339 fuit.

259 2438 284 2480 3
309 2429 462 2468 meas
478 2455 489 2468 .
508 2456 520 2468 .
538 2456 549 2468 .
570 2427 699 2479 silva]
737 2427 794 2469 So
811 2438 876 2479 41.
904 2436 941 2480 5,
965 2428 1022 2468 iii.

205 2492 270 2523 21.
295 2492 334 2531 2,
355 2481 488 2522 densa&
501 2482 688 2522 arbustis.
748 2482 829 2523 See
850 2490 948 2523 note
967 2496 1023 2523 on

207 2537 279 2578 the
295 2535 448 2576 former
464 2535 594 2588 place.

259 2593 375 2630 unde
391 2599 546 2629 rursus
563 2589 676 2640 ausi]
720 2590 732 2610 ‘
745 2589 871 2630 From·
889 2590 1025 2631 which

206 2644 361 2694 (cover)
391 2643 488 2695 they
517 2643 666 2694 gained
696 2644 886 2684 renewed
914 2658 1027 2684 cour·

205 2697 314 2751 age.’
370 2697 464 2737 Itis
481 2696 627 2749 hardly
646 2703 785 2737 meant
812 2698 901 2738 that
928 2699 1026 2751 they

207 2752 280 2793 left
298 2751 368 2792 the
387 2763 519 2791 cover.

261 2815 341 2845 rex
392 2800 652 2851 Epiphanes]
728 2805 812 2845 Son
867 2810 912 2846 to
958 2805 1028 2846 the

208 2859 395 2911 reigning
411 2858 514 2910 king
533 2859 595 2908 (so
613 2871 650 2899 v,
675 2868 713 2908 9.
735 2869 774 2908 2,
790 2859 874 2899 and
889 2860 1029 2912 regina

208 2914 253 2954 in
286 2914 402 2965 Virg.
445 2913 548 2952 Aen.
591 2911 646 2952 vi.
674 2911 758 2962 28),
799 2912 1031 2953 Antiochus

208 2967 258 3008 of
289 2967 586 3018 Commagene.
648 2966 689 3006 It
716 2966 751 3006 is
777 2973 851 3006 not
877 2967 1032 3007 certain

210 3021 394 3062 whether
412 3020 508 3072 they
525 3032 633 3059 were
656 3019 783 3072 really
801 3021 1032 3061 descended

211 3075 317 3116 from
353 3075 424 3115 the
459 3080 574 3126 great
611 3073 803 3114 Seleucid
838 3075 1027 3127 dynasty,

211 3129 286 3169 but
314 3129 490 3181 perhaps
517 3128 586 3168 the
624 3129 785 3169 vetustis
819 3129 958 3181 opibus
989 3129 1037 3170 of

211 3182 276 3224 81.
307 3193 323 3223 1
348 3182 510 3236 implies
529 3182 572 3224 it.

1160 2428 1247 2469 CH.
1271 2429 1438 2469 XXVI.
1469 2439 1485 2468 1
1508 2428 1633 2479 Tun]
1675 2427 1815 2468 When
1833 2427 1931 2480 they

1105 2496 1192 2523 saw
1237 2483 1344 2523 their
1383 2483 1547 2535 oevalry
1590 2483 1932 2535 suffering—per·

1106 2538 1211 2590 haps
1238 2538 1412 2577 without
1443 2537 1614 2590 waiting
1650 2544 1695 2577 to
1725 2537 1932 2590 complete

1109 2590 1316 2631 Paulinus’
1336 2591 1607 2644 preoeutions.

1163 2656 1188 2685 2
1214 2648 1348 2685 tram
1365 2674 1375 2685 .
1396 2675 1407 2685 .
1427 2675 1438 2686 .
1456 2648 1749 2692 proditionem
1767 2644 1932 2694 ageret]

1109 2699 1201 2739 The
1246 2700 1440 2752 meaning
1493 2700 1528 2739 is
1581 2713 1636 2740 no
1687 2699 1818 2738 doubt
1862 2699 1933 2738 the

1109 2767 1223 2794 same
1250 2767 1295 2793 as
1331 2753 1402 2794 the
1437 2767 1630 2794 common
1657 2753 1935 2792 construction

1108 2821 1204 2901 ῑὲἔὲ
1244 2808 1387 2902 fssssz
1422 2809 1476 2902 f?
1492 2808 1934 2901 ..ffl'ismthffgiss

1112 2915 1359 3009 thaeromd
1386 2916 1527 2956 follow
1547 2915 1617 2955 the
1644 2921 1818 2966 cognate
1835 2915 1934 2954 verb

1139 2983 1186 3009 ro
1254 2983 1283 3010 e.

1104 2976 1140 3022 p
1168 3032 1193 3073 3
1230 3023 1525 3073 occursantes]
1580 3023 1673 3062 The
1721 3021 1935 3062 reinforce-

1114 3083 1248 3117 ments
1266 3077 1534 3128 successively
1552 3083 1642 3116 sent
1660 3088 1728 3128 up.

1167 3141 1195 3180 4
1239 3133 1358 3178 apud
1393 3141 1569 3178 paucoS,
1610 3131 1707 3180 etc.]
1767 3130 1935 3169 Tacitus

1114 3196 1170 3224 on
1206 3184 1277 3225 the
1309 3185 1443 3226 whole
1478 3185 1579 3226 does
1608 3192 1680 3225 not
1710 3184 1866 3225 believe
1894 3184 1937 3223 in
