2132 3380
662 184 1241 243 HISTORIARUM
1284 186 1357 242 II.
1401 200 1481 256 30.
1839 203 1939 260 119

210 310 317 369 acie
351 312 546 369 abduci.
617 317 667 369 Si
702 318 956 383 provincia
990 320 1110 370 urbe
1146 327 1197 370 et
1230 320 1388 369 salute
1426 318 1617 384 imperii
1658 319 1821 383 potior
1860 321 1936 382 sit,
1964 330 1988 384 3

209 418 382 457 omnes
405 404 520 455 illuc
543 415 892 470 sequerentur:
927 406 1002 456 sin
1037 405 1272 457 victoriae
1307 406 1507 468 sanitaS,
1533 409 1937 469 sustentaculum,

162 532 163 535 η
209 495 439 544 columen
479 493 531 543 in
575 494 721 544 Italia
760 504 1039 558 verteretur,
1076 510 1177 545 non
1213 495 1596 558 abrumpendos,
1633 505 1686 545 ut
1727 497 1935 560 corpori,

111 581 186 639 29
208 579 534 632 validissimos
554 591 698 631 artus,
762 584 908 632 Haec
927 582 1155 633 ferociter
1169 582 1423 646 jactando,
1444 593 1707 647 postquam
1727 584 1939 635 inmissis

208 667 460 719 lictoribus
501 670 687 719 Valens
727 672 953 720 coercere
995 669 1290 720 seditionem
1337 673 1618 735 coeptabat,
1663 670 1822 735 ipsum
1870 671 1939 721 in·

207 757 410 819 vadunt,
436 772 555 807 saxa
574 758 781 820 jaciunt,
807 757 1076 822 fugientem
1111 767 1394 822 sequuntur.
1465 759 1634 823 Spolia
1669 760 1937 810 Galliarum
1965 769 1988 809 t

207 853 258 894 et
293 843 651 895 Viennensium
686 861 858 894 aurum
894 854 944 895 et
985 845 1142 909 pretia
1184 847 1408 896 laborum
1448 862 1646 896 suorum
1689 848 1938 897 occultare

207 932 529 995 clamitanteS,
584 932 788 997 direptis
841 932 1056 995 sarcinis,
1113 935 1429 985 tabernacula
1483 935 1623 985 ducis
1681 935 1938 999 ipsamque

207 1021 412 1070 humum
435 1020 546 1086 pilis
571 1029 620 1070 et
644 1020 830 1071 lanceis
854 1020 1165 1072 rimabantur.
1241 1025 1372 1072 Nam
1397 1024 1585 1073 Valens
1609 1023 1770 1074 servili
1802 1035 1938 1074 veste

207 1108 342 1172 apud
375 1107 694 1158 decurionem
738 1108 958 1172 equitum
999 1111 1267 1174 tegebatur.
1338 1113 1471 1160 Tum
1514 1111 1737 1162 Alfenius
1778 1113 1987 1169 Varu33

207 1196 482 1259 praefectus
528 1204 812 1257 castrorum,
856 1195 1157 1261 deflagrante
1204 1198 1441 1261 paulatim
1489 1198 1749 1260 seditione,
1797 1199 1938 1249 addit

206 1281 483 1343 consilium,
521 1282 685 1333 vetitis
726 1283 866 1334 obire
904 1284 1095 1348 vigilias
1134 1284 1520 1349 centurionibus,
1563 1286 1749 1337 omisso
1790 1288 1938 1337 tubae

205 1384 346 1431 sono,
375 1385 476 1433 quo
501 1370 643 1420 miles
666 1371 732 1421 ad
756 1372 873 1421 belli
897 1373 1065 1422 munia
1097 1373 1263 1423 cietur.
1336 1373 1492 1438 Igitur
1527 1384 1720 1438 torpere
1755 1374 1934 1435 cuncti,
1962 1392 1992 1432 4

205 1455 615 1521 circumspectare
634 1457 762 1509 inter
779 1475 831 1509 se
851 1459 1047 1509 attoniti
1066 1469 1116 1510 et
1134 1459 1186 1510 id
1204 1460 1380 1525 ipsum,
1401 1462 1539 1524 quod
1557 1478 1707 1512 nemo
1731 1472 1933 1526 regeret,

205 1554 458 1608 paventes
529 1545 753 1607 Silentio,
790 1547 1040 1611 patientia,
1077 1557 1331 1612 postremo
1366 1549 1595 1613 precibus
1630 1565 1690 1599 ac
1725 1549 1936 1599 lacrimis

205 1630 403 1683 veniam
443 1635 762 1698 quaerebant.
835 1635 908 1684 Ut
947 1651 1079 1685 vero.
1107 1635 1341 1686 deformis
1383 1647 1432 1687 et
1480 1637 1603 1686 flens
1649 1646 1699 1687 et
1743 1643 1988 1701 praeter5

204 1736 343 1786 spem
376 1720 636 1772 incolumis
673 1725 858 1774 Valens
893 1723 1147 1789 processit,
1179 1725 1428 1788 gaudium,
1466 1725 1729 1786 miseratio,
1768 1727 1935 1775 favor:

202 1809 328 1860 versi
345 1808 398 1859 in
415 1810 666 1873 laetitiam,
687 1821 740 1860 ut
759 1821 833 1862 est
850 1814 1022 1877 volgus
1041 1822 1250 1877 utroque
1268 1813 1586 1863 inmodicum.
1650 1814 1934 1864 Laudantes

201 1906 550 1963 gratantesque
573 1899 933 1951 circumdatum
957 1901 1134 1965 aquilis
1158 1901 1408 1966 signisque
1434 1902 1484 1951 in
1513 1902 1726 1952 tribunal
1758 1904 1932 1953 ferunt.

203 1986 297 2036 Ille
330 1985 439 2036 utili
472 1987 815 2038 moderatione
856 2004 959 2038 non
1002 1988 1299 2053 supplicium
1340 1991 1631 2053 cujusquam
1674 1992 1905 2054 poposcit
1922 2009 1936 2053 ;
1957 1999 1986 2048 6

202 2088 276 2135 ac,
301 2089 366 2125 ne
400 2073 714 2126 dissimulans
749 2075 1025 2141 suspectior
1058 2079 1198 2138 foret,
1228 2093 1414 2141 paucos
1450 2077 1691 2127 incusavit
1708 2097 1722 2139 3
1754 2094 1934 2141 gnarus

104 2173 186 2237 30
204 2159 427 2212 civilibus
450 2162 592 2212 bellis
615 2164 726 2227 plus
751 2163 988 2213 militibus
1017 2181 1166 2228 quam
1191 2165 1400 2214 ducibus
1435 2165 1595 2215 licere.
1671 2165 1936 2215 Munienti-

204 2249 296 2298 bus
319 2258 480 2299 castra
501 2250 635 2314 apud
659 2250 889 2300 Ticinum
915 2252 980 2302 de
1003 2254 1211 2303 adversa
1234 2252 1484 2304 Caecinae
1506 2269 1672 2318 pugna
1697 2254 1932 2315 adlatum,

104 2346 113 2356 ·
177 2343 256 2408 ‘et
277 2350 432 2399 prope
466 2346 703 2387 renovata
738 2338 935 2401 seditio,
958 2348 1213 2403 tamquam
1247 2341 1418 2391 fraude
1453 2351 1502 2391 et
1537 2341 1934 2392 cunctationibus

205 2421 430 2472 Valentis
463 2419 649 2487 praelio
683 2426 966 2477 defuissent.
1039 2430 1189 2478 Nolle
1230 2430 1469 2493 requiem,
1505 2446 1608 2480 non
1649 2440 1935 2494 exspectare

205 2510 398 2572 ducem,
446 2511 632 2562 anteire
678 2513 831 2577 signa,
879 2531 1083 2578 urguere
1129 2515 1400 2579 signiferos,
1487 2517 1688 2580 Rapido
1739 2518 1934 2582 agmine

205 2631 328 2712 littaer
337 2618 614 2713 {zinnts'liini‘iirig
632 2621 1027 2717 Stibufflustnethe

261 2735 287 2777 3
302 2727 489 2798 sanitas]
508 2727 517 2746 ‘
532 2727 758 2781 Integrity,'
781 2730 1025 2784 ‘complete—

207 2792 314 2820 ness.

261 2832 478 2886 columen]
540 2834 706 2876 Almost
749 2849 1027 2890 synonymous

207 2887 307 2928 with
325 2889 651 2929 sustentaculum.

263 2941 348 2981 CH.
374 2941 541 2981 XXIX.
574 2953 591 2981 1
622 2943 833 2998 inmissis]
882 2946 1025 2986 ‘Hav-

207 2995 280 3047 ing
307 3001 369 3035 set
396 2995 460 3035 his
487 2995 626 3036 lictors
653 3009 708 3037 on
735 2998 880 3039 them.'
935 3001 1027 3041 The

207 3049 323 3089 word
350 3049 385 3089 is
411 3057 520 3089 most
546 3052 781 3104 commonly
804 3053 906 3093 used
933 3054 980 3094 of
1001 3068 1027 3094 a

204 3103 359 3155 charge
394 3103 444 3143 of
465 3104 641 3156 cavalry,
679 3119 727 3145 or
763 3106 811 3146 of
841 3107 944 3159 dogs
981 3121 1028 3148 or

208 3157 306 3198 wild
325 3158 461 3198 beasts
480 3159 626 3200 turned
645 3159 759 3201 loose
777 3173 834 3201 on
851 3175 877 3202 a
895 3175 1004 3203 man.

1165 2635 1191 2665 2
1219 2628 1364 2671 spolia
1394 2624 1654 2680 OQ]
1705 2627 1832 2667 From
1865 2628 1935 2668 the

1111 2679 1212 2720 time
1230 2680 1279 2719 of
1292 2680 1362 2720 the
1380 2680 1517 2720 defeat
1537 2681 1585 2720 of
1598 2681 1776 2721 Vindex.

1163 2736 1475 2774 viennensium
1502 2733 1679 2788 aurum]
1725 2736 1816 2775 The
1844 2749 1934 2775 ran·

1109 2799 1201 2827 som
1220 2788 1269 2827 of
1282 2788 1309 2827 i.
1327 2787 1393 2828 66.

1163 2852 1192 2891 4
1218 2844 1410 2890 Silentio,
1451 2839 1687 2895 patientia]
1746 2843 1809 2893 By
1845 2856 1932 2895 say-

1110 2894 1183 2946 ing
1227 2896 1403 2948 nothing
1448 2897 1531 2936 and
1585 2896 1715 2948 doing
1759 2898 1935 2949 nothing

1114 2949 1283 2989 violent.

1165 3012 1188 3054 5
1219 3006 1538 3043 circumdatum
1577 3006 1739 3050 aquilis
1779 3007 1933 3051 signis-

1110 3057 1214 3106 que]
1257 3057 1315 3097 So
1334 3058 1359 3098 i.
1384 3057 1449 3109 36.
1480 3068 1511 3096 1.

1165 3111 1192 3149 6
1219 3108 1520 3163 &sumu-lans]
1574 3110 1643 3151 ‘If
1669 3112 1721 3152 he
1750 3113 1851 3153 took
1879 3126 1934 3153 no

1111 3164 1248 3205 notice
1262 3164 1272 3182 '
1291 3164 1341 3205 of
1353 3165 1424 3206 the
1443 3165 1614 3218 mutiny.
