2132 3380
226 228 322 282 152
592 208 601 216 ’
732 217 1118 272 CORNELII
1159 218 1434 272 TACITI

218 346 422 397 Interim
436 345 656 411 Verginii
676 363 843 397 servus
860 349 983 398 forte
1003 348 1177 397 obvius
1195 357 1249 397 ut
1265 364 1525 412 percussor
1540 348 1725 399 Vitellii
1743 348 1943 399 insimu-

214 435 354 484 latur.
441 436 505 483 Et
561 436 735 484 ruebat
790 436 856 484 ad
909 435 1192 485 convivium
1250 434 1404 497 miles,
1460 445 1669 486 mortem
1722 436 1942 501 Verginii

215 538 501 585 exposcens.
573 524 653 572 Ne
676 522 905 571 Vitellius
931 522 1145 585 quidem,
1175 538 1475 586 quamquam
1500 524 1564 572 ad
1590 539 1764 573 omnes
1789 524 1942 587 suspi-

213 610 382 659 ciones
418 610 640 674 pavidus,
678 612 742 660 de
777 611 1064 661 innocentia
1100 613 1205 674 ejus
1244 611 1498 662 dubitavit.
1571 615 1732 677 Aegre
1772 623 1939 664 tamen
1963 610 1993 658 6

213 697 433 761 cohibiti,
461 700 545 762 qui
571 698 772 748 exitium
795 699 1079 759 consularis,
1108 709 1158 748 et
1182 700 1435 762 quondam
1470 700 1610 750 ducis
1645 701 1733 764 sui,
1759 702 1941 765 flagita-

211 786 343 835 bant.
417 788 528 835 Nec
547 802 844 849 quemquam
870 787 1063 850 saepius
1089 804 1238 850 quam
1261 787 1550 852 Verginium
1575 790 1736 839 omnis
1761 790 1939 840 seditio

210 872 466 923 infestavit.
542 875 785 923 Manebat
820 874 1079 923 admiratio
1115 875 1202 924 viri
1238 884 1287 925 et
1321 877 1483 926 fama:
1521 877 1609 927 sed
1645 878 1851 927 oderant
1884 887 1940 927 ut

109 955 186 1027 69
207 961 423 1012 fastiditi.
496 964 702 1011 Postero
744 963 824 1011 die
866 962 1109 1025 Vitellius,
1154 972 1351 1013 senatus
1391 964 1638 1028 legatione
1680 982 1828 1028 quam
1868 965 1939 1015 ibi

209 1049 422 1113 opperiri
440 1052 651 1113 jusserat
680 1050 864 1112 audita,
890 1060 1218 1115 transgressus
1252 1051 1303 1101 in
1339 1062 1513 1115 castra,
1540 1055 1667 1103 ultro
1702 1053 1938 1117 pietatem

208 1137 419 1187 militum
455 1137 786 1199 conlaudavit,
823 1139 1144 1189 frementibus
1181 1139 1387 1198 auxiliis,
1424 1150 1617 1190 tantum
1651 1141 1940 1205 inpunitatis

208 1235 357 1289 atque
382 1226 699 1290 adrogantiae
724 1226 1004 1290 legionariis
1028 1228 1307 1277 accessisse.
1381 1230 1678 1278 Batavorum
1712 1230 1940 1280 cohortes
1964 1247 1989 1278 2

207 1331 272 1364 ne
307 1313 427 1377 quid
461 1314 779 1363 truculentius
813 1315 1071 1378 auderent,
1099 1315 1150 1364 in
1186 1316 1504 1365 Germaniam
1538 1317 1784 1380 remissae,
1814 1318 1942 1381 prin-

207 1401 391 1465 cipium
414 1400 607 1451 interno
633 1401 777 1451 simul
802 1412 1105 1467 externoque
1132 1405 1265 1454 bello
1294 1405 1578 1468 parantibus
1613 1405 1735 1455 fatis.
1810 1407 1941 1456 Red-
1967 1421 1991 1469 3

209 1489 313 1539 dita
353 1489 632 1539 civitatibus
674 1492 929 1539 Gallorum
969 1491 1162 1552 auxilia,
1206 1491 1378 1556 ingens
1419 1509 1650 1543 numerus
1691 1503 1740 1543 et
1785 1495 1942 1558 prima

207 1577 371 1627 statim
406 1577 685 1627 defectione
720 1578 847 1627 inter
880 1579 1046 1628 inania
1080 1579 1196 1628 belli
1235 1581 1539 1644 adsumptus.
1614 1583 1847 1632 Ceterum
1887 1592 1941 1632 ut
1964 1593 1995 1634 4

184 1656 543 1729 'largitionibus
578 1667 804 1716 adfectae
835 1668 939 1730 jam
975 1667 1166 1731 imperii
1207 1684 1329 1732 opes
1370 1670 1660 1730 sufficerent,
1699 1670 1940 1733 amputari

204 1753 454 1818 legionum
487 1754 877 1818 auxiliorumque
913 1771 1145 1805 numeros
1176 1757 1331 1819 jubet,
1357 1756 1520 1806 vetitis
1555 1758 1940 1822 supplementis3

203 1853 252 1893 et
270 1843 542 1906 promiscae
561 1843 819 1894 missiones
841 1847 1182 1895 offerebantur.
1258 1845 1521 1896 Exitiabile
1546 1847 1597 1895 id
1620 1847 1932 1909 reipublicae,
1964 1844 1989 1895 5

202 1930 445 1995 ingratum
468 1931 622 1992 militi,
651 1931 729 1981 cui
755 1933 932 1982 eadem
956 1934 1123 1982 munia
1146 1934 1273 1983 inter
1298 1951 1500 1998 paucos,
1527 1934 1840 1997 periculaque
1876 1951 1935 1984 ac

202 2021 344 2069 labor
361 2019 574 2069 crebrius
598 2020 838 2070 redibant.
915 2024 979 2071 Et
1003 2021 1129 2071 vires
1154 2023 1269 2071 luxu
1294 2023 1741 2085 corrumpebantur,
1764 2032 1936 2072 contra

202 2117 418 2157 veterem
452 2098 764 2172 disciplinam
800 2118 849 2158 et
883 2109 1106 2159 instituta
1140 2111 1395 2173 majorum,
1430 2111 1564 2173 apud
1599 2126 1723 2174 quos
1757 2110 1934 2161 virtute

203 2211 352 2258 quam
375 2196 586 2259 pecunia
608 2213 685 2245 res
711 2198 943 2245 Romana
965 2197 1139 2246 melius
1164 2197 1310 2247 stetit.
1560 2198 1562 2201 ’

104 2291 183 2352 770
270 2284 398 2332 Inde
433 2282 661 2332 Vitellius
698 2268 998 2333 Cremonam
1033 2284 1180 2346 flexit,
1220 2294 1282 2346 et,
1314 2293 1539 2348 spectato
1573 2302 1776 2335 munere
1814 2288 1936 2336 Cae-

202 2370 358 2431 cinae,
406 2370 627 2420 insistere
676 2372 1084 2422 Bedriacensibus
1132 2373 1319 2436 campis
1366 2389 1426 2422 ac
1471 2373 1677 2437 vestigia
1722 2374 1932 2424 recentis

200 2458 433 2508 victoriae
479 2459 683 2508 lustrare
729 2458 884 2509 oculis
931 2459 1227 2524 concupivit.
1315 2462 1543 2511 Foedum
1590 2473 1739 2526 atque
1790 2472 1930 2513 atrox
1955 2473 1980 2505 2

253 2640 280 2681 6
307 2643 392 2680 Neo
420 2650 698 2691 quemquam,
732 2641 830 2692 etc.]
862 2641 941 2682 See
966 2656 1021 2682 on
1105 2643 1177 2683 the
1203 2643 1306 2683 false
1334 2644 1470 2685 shows
1489 2645 1709 2697 employed
1728 2645 1771 2684 in
1793 2659 1880 2686 war
1894 2645 1926 2696 ;'

200 2706 265 2747 49.
292 2706 329 2736 2.
1105 2697 1212 2737 their
1247 2698 1422 2738 number
1458 2700 1602 2739 served
1630 2706 1674 2739 to
1702 2699 1830 2739 alarm
1857 2701 1928 2741 the

252 2753 307 2789 ut
324 2750 531 2800 fastldifl]
573 2748 694 2788 After
730 2748 798 2788 the
826 2749 950 2789 death
979 2750 1027 2790 of
1105 2765 1261 2803 enemy,
1299 2752 1458 2805 though
1485 2753 1518 2793 it
1544 2766 1629 2792 was
1656 2753 1809 2793 known
1839 2754 1928 2796 that

200 2804 379 2852 Vindex,
412 2803 442 2843 i.
472 2802 508 2843 8.
555 2810 606 2853 73
640 2803 710 2843 the
738 2816 911 2855 passage
934 2804 1020 2856 just
1104 2806 1201 2857 they
1220 2807 1359 2846 would
1377 2808 1430 2847 be
1450 2807 1604 2848 useless
1622 2807 1665 2846 in
1685 2807 1755 2847 the
1775 2807 1882 2849 field.

199 2858 376 2898 referred
404 2863 448 2896 to
476 2856 522 2896 of
546 2870 688 2897 course
707 2857 807 2897 does
826 2864 899 2898 not
917 2859 1021 2899 refer
1157 2872 1184 2909 4
1210 2864 1435 2907 amputarl
1488 2891 1498 2902 .
1560 2891 1570 2901 .
1634 2891 1643 2901 .
1702 2863 1924 2913 numeros]

198 2918 242 2952 to
261 2913 363 2951 tlzese
379 2911 562 2951 soldiers.
1107 2915 1118 2934 ‘
1132 2914 1242 2954 That
1262 2915 1331 2954 the
1347 2928 1465 2967 corps
1479 2913 1489 2932 ’
1510 2915 1571 2964 (as
1586 2915 1611 2954 i.
1633 2914 1669 2955 6.
1692 2917 1733 2966 5)
1753 2916 1923 2957 ‘should

254 2966 337 3006 CH.
365 2965 526 3006 LXIX.
556 2976 573 3004 1
605 2965 834 3015 pietatem]
866 2966 944 3006 See
963 2979 1018 3006 on
1101 2968 1154 3006 be
1166 2975 1232 3007 cut
1244 2968 1443 3008 down'in
1455 2969 1638 3018 number,
1652 2969 1721 3009 the
1733 2970 1922 3010 skeleton

197 3019 224 3060 i.
250 3019 314 3071 83.
342 3030 378 3071 3.
1102 3022 1150 3060 of
1159 3023 1261 3061 each
1277 3023 1402 3075 being
1413 3024 1642 3074 preserved.
1688 3023 1732 3063 If
1741 3024 1810 3063 the
1824 3038 1920 3064 con-

252 3084 278 3113 2
304 3077 479 3114 interno
505 3103 515 3114 .
549 3102 560 3113 .
599 3102 610 3113 .
639 3073 770 3124 bello]
802 3073 880 3114 See
908 3087 963 3114 on
984 3074 1010 3116 i.
1100 3076 1297 3116 struction
1325 3090 1433 3116 were
1474 3079 1484 3097 ‘
1500 3077 1591 3117 that
1628 3077 1698 3117 the
1730 3079 1921 3118 numbers

200 3138 236 3167 2.
263 3138 299 3167 2.
1100 3129 1249 3169 should
1267 3131 1320 3170 be
1339 3130 1545 3180 reduced,'
1566 3144 1628 3170 we
1647 3131 1795 3171 should
1813 3132 1920 3172 have

252 3192 277 3233 3
303 3183 423 3222 mter
439 3183 592 3221 mania
609 3181 732 3233 bem]
765 3183 776 3202 ‘
789 3181 852 3222 As
875 3195 954 3223 one
974 3182 1022 3223 of
1099 3183 1182 3224 had
1202 3197 1227 3224 a
1240 3185 1427 3225 different
1442 3185 1556 3225 word
1570 3184 1676 3225 from
1690 3187 1911 3238 amputari.
