2080 3366
748 161 1388 217 INTRODUCTION.
1894 162 1932 216 li

403 308 541 358 spem
566 292 720 343 modo
754 308 813 342 ac
838 301 1005 343 votum
1042 291 1274 342 securitas
1308 290 1507 356 publica
1534 292 1621 342 sed
1658 292 1809 357 ipsius
1831 292 1935 344 voti

402 370 633 421 fiduciam
658 386 718 420 ac
743 371 892 421 robur
914 369 1220 431 adsumserit,
1246 378 1419 419 natura
1443 379 1606 420 tamen
1632 381 1723 420 etc.

201 444 323 515 Agr.
381 463 463 510 42.
500 448 795 513 5.—Sciant,
839 447 1016 512 quibus
1052 447 1201 498 moris
1248 456 1323 497 est
1357 446 1541 496 inlicita
1577 447 1753 510 mirari,
1789 464 1936 513 posse

406 525 555 576 etiam
597 527 686 576 sub
727 525 868 576 malis
909 526 1212 591 principibus
1251 541 1458 590 magnos
1492 525 1622 576 viros
1647 542 1769 587 esse,
1795 528 1935 577 obse·

402 602 669 668 quiumque
693 620 752 653 ac
776 603 1086 665 modestiam,
1107 604 1147 654 si
1166 602 1404 653 industria
1426 619 1485 653 ac
1508 603 1648 668 vigor
1669 604 1846 665 adsint,
1871 621 1934 655 eo

399 681 559 732 laudis
609 682 890 743 escendere,
940 697 1042 746 quo
1087 680 1307 746 plerique
1354 697 1442 746 per
1485 683 1708 746 abrupta,
1746 684 1834 733 sed
1881 684 1932 733 in

399 759 588 809 nullum
613 758 912 823 reipublicae
936 775 1094 820 usum,
1119 758 1383 808 ambitiosa
1406 769 1563 809 morte
1587 759 1932 812 inclaruerunt.

199 836 331 892 ffi'st.
359 834 389 885 i.
421 853 462 887 1.
492 838 877 901 2.—Postquam
902 838 1139 887 bellatum
1164 837 1297 901 apud
1321 835 1521 886 Actium
1558 847 1706 901 atque
1730 854 1931 889 omnem

398 914 671 979 potentiam
696 915 761 964 ad
796 931 949 964 unum
973 914 1183 965 conferri
1219 913 1355 979 pacis
1391 914 1619 975 interfuit,
1645 933 1823 981 magna
1848 918 1931 967 illa

402 990 600 1057 ingenia
623 1007 814 1043 cessere
832 1010 846 1055 3
881 992 1024 1042 simul
1059 992 1235 1043 veritas
1259 993 1478 1056 pluribus
1514 993 1675 1043 modis
1710 994 1929 1055 infracta,

399 1069 611 1135 primum
651 1069 845 1120 inscitia
878 1069 948 1120 rei
982 1070 1210 1135 publicae
1226 1072 1298 1128 lut
1335 1070 1539 1131 alienae,
1578 1087 1693 1121 mox
1728 1072 1933 1123 libidine

399 1146 693 1198 adsentandi
716 1156 799 1197 aut
823 1163 985 1197 rursus
1010 1149 1129 1199 odio
1151 1148 1385 1198 adversus
1410 1149 1736 1199 dominantes.

198 1224 274 1274 Jb.
300 1223 330 1274 i.
363 1241 403 1275 1.
433 1237 458 1289 5
471 1225 910 1289 fin.—Imperium
934 1225 1149 1290 Trajani,
1189 1267 1201 1279 .
1241 1263 1253 1275 .
1290 1265 1301 1276 .
1342 1242 1449 1276 rara
1484 1235 1761 1291 temporum
1785 1227 1934 1278 felici-

400 1310 513 1365 tate,
539 1302 625 1353 ubi
649 1302 827 1353 sentire
853 1320 979 1368 quae
1003 1303 1137 1367 velis,
1164 1313 1214 1354 et
1238 1319 1366 1368 quae
1390 1303 1575 1354 sentias
1598 1304 1763 1355 dicere
1783 1305 1910 1356 licet.

199 1379 273 1430 lb.
301 1377 331 1430 i.
364 1381 436 1429 16.
470 1381 682 1442 1-4—Si
706 1380 984 1431 inmensum
1007 1379 1198 1445 imperii
1216 1396 1394 1444 corpus
1414 1390 1540 1431 stare
1558 1398 1618 1430 ac
1642 1381 1805 1432 librari
1824 1383 1931 1434 sine

400 1467 590 1508 rectore
613 1467 794 1523 posset,
817 1458 994 1523 dignus
1013 1474 1144 1507 eram
1164 1473 1194 1507 a
1218 1473 1318 1521 quo
1343 1474 1418 1507 res
1443 1459 1642 1522 publica
1664 1459 1900 1525 inciperet
1921 1481 1931 1511 :

401 1551 535 1586 nunc
577 1551 638 1586 eo
678 1535 985 1586 necessitatis
1019 1536 1123 1599 jam
1164 1534 1354 1598 pridem
1392 1545 1595 1585 ventum
1633 1547 1721 1599 est,
1748 1547 1801 1588 ut
1835 1554 1930 1589 nec

401 1628 514 1663 mea
537 1622 762 1663 senectus
787 1614 1007 1663 conferre
1022 1614 1132 1677 plus
1151 1614 1337 1676 populo
1355 1615 1588 1664 Romano
1608 1614 1765 1679 possit
1780 1631 1928 1679 quam

401 1691 591 1741 bonurn
616 1706 963 1751 successorem,
985 1707 1078 1740 nec
1102 1699 1186 1740 tua
1210 1692 1319 1754 plus
1341 1691 1544 1753 juventa
1568 1707 1717 1754 quam
1740 1693 1929 1742 bonum

401 1767 685 1833 principem.
778 1770 878 1818 Sub
923 1767 1124 1818 Tiberio
1159 1777 1209 1817 et
1256 1767 1384 1818 Gaio
1431 1777 1481 1818 et
1528 1770 1739 1820 Claudio
1784 1770 1929 1821 unius

404 1844 614 1895 familiae
653 1845 791 1909 quasi
832 1846 1082 1896 hereditas
1128 1846 1339 1895 fuimus:
1398 1847 1512 1896 loco
1557 1847 1793 1897 libertatis
1840 1851 1930 1899 erit

403 1922 539 1987 quod
563 1921 674 1986 eligi
698 1922 968 1985 coepimus.
1055 1925 1119 1973 Et
1141 1923 1278 1973 finita
1311 1923 1553 1987 Juliorum
1591 1925 1930 1976 Claudiorum·

402 2015 499 2065 que
522 1999 688 2060 domo,
715 2000 957 2065 optimum
982 2017 1227 2064 quemque
1263 2002 1468 2065 adoptio
1493 2002 1720 2053 inveniet.
1794 2005 1926 2053 Nam

401 2077 622 2143 generari
668 2086 717 2128 et
757 2078 894 2128 nasci
939 2095 970 2127 a
1015 2078 1318 2143 principibus
1358 2079 1625 2141 fortuitum,
1662 2096 1757 2131 nec
1802 2082 1929 2131 ultra

398 2155 716 2206 aestimatur:
754 2156 1028 2221 adoptandi
1052 2156 1303 2219 'judicium
1341 2156 1582 2222 integrum
1598 2176 1614 2220 3
1654 2167 1704 2207 et
1737 2160 1789 2207 si
1814 2160 1930 2208 velis

398 2236 568 2300 eligere,
592 2251 808 2284 consensu
832 2240 1140 2284 monstratur.
1417 2274 1423 2279 .

198 2312 275 2361 Ib.
316 2309 364 2362 ii.
408 2325 471 2376 37
517 2328 586 2374 sq.
606 2328 623 2373 3
667 2327 766 2363 note
811 2321 1032 2375 especially
1083 2313 1164 2374 38.
1219 2327 1266 2375 3,
1319 2313 1597 2372 4.—Modo
1660 2315 1927 2365 turbulenti

399 2388 595 2451 tribuni,
634 2389 788 2439 modo
829 2389 1057 2438 consules
1098 2389 1380 2452 praevalidi,
1403 2400 1453 2441 et
1489 2391 1540 2440 in
1581 2392 1701 2441 urbe
1725 2408 1784 2441 ac
1819 2394 1927 2442 foro

401 2474 705 2517 tentamenta
749 2465 963 2515 civilium
1007 2466 1281 2527 bellorum3
1331 2483 1448 2516 mox
1493 2484 1521 2518 e
1567 2469 1714 2532 plebe
1759 2468 1928 2519 infima

400 2545 457 2596 C.
481 2543 667 2594 Marius
686 2552 734 2594 et
752 2543 992 2594 nobilium
1017 2542 1340 2604 saevissimus,
1358 2546 1414 2593 L.
1432 2546 1566 2595 Sulla
1582 2546 1761 2595 victam
1781 2547 1927 2596 armis

398 2620 673 2671 libertatern
696 2622 747 2669 in
772 2619 1162 2671 dominationem
1189 2630 1451 2671 verterunt.
1523 2625 1643 2672 Post
1678 2639 1803 2687 quos
1829 2625 1924 2675 Cn.

400 2698 665 2762 Pompeius
689 2700 939 2760 occultior,
965 2714 1068 2748 non
1100 2697 1285 2748 melior.
1358 2702 1423 2750 Et
1446 2717 1715 2765 numquam
1750 2712 1927 2766 postea

398 2774 492 2824 nisi
515 2775 579 2825 de
603 2774 877 2839 principatu
902 2773 1193 2839 quaesitum.

197 2854 270 2903 13.
296 2851 356 2902 iv.
386 2854 431 2901 8.
459 2854 637 2915 3.—Se
671 2853 952 2903 meminisse
984 2862 1275 2917 temporum,
1303 2852 1482 2917 quibus
1504 2863 1649 2904 natus
1673 2854 1748 2915 sit,
1775 2871 1925 2918 quam

399 2928 607 2979 civitatis
643 2930 849 2980 formam
882 2940 1046 2996 patres
1087 2930 1266 2995 avique
1306 2932 1636 2993 instituerint3
1692 2932 1924 2982 ulteriora

396 3005 571 3069 mirari,
596 3006 871 3069 praesentia
893 3007 1062 3071 sequi:
1096 3009 1257 3058 bonos
1283 3011 1610 3074 Imperatores
1633 3018 1752 3058 voto
1777 3026 1921 3074 expe-

399 3092 515 3146 tere,
541 3084 905 3148 qualescunque
923 3087 1145 3136 tolerare.
1206 3097 1344 3147 (Read
1362 3097 1434 3139 the
1451 3097 1588 3138 whole
1607 3096 1814 3150 chapter.)
