2080 3366
200 264 202 266 v
223 185 298 238 nv
777 184 1414 239 INTRODUCTION.

424 316 638 379 proferre
662 330 908 379 responsa
923 325 972 365 et
1003 315 1238 366 interesse
1262 315 1419 380 epulis
1453 317 1744 377 ferebantur,
1773 315 1954 366 deinde

424 393 558 456 apud
588 394 698 442 illos
723 395 817 443 diis
842 393 1034 457 genitos
1060 410 1324 457 sacrosque
1358 410 1511 458 reges,
1548 395 1675 445 inter
1709 411 1833 458 quos
1868 412 1953 444 ne-

423 471 607 520 minem
641 471 957 531 causidicum,
986 473 1075 520 sed
1111 472 1313 535 Orphea
1347 480 1397 522 et
1433 473 1614 521 Linum
1648 491 1705 523 ac
1734 476 1785 522 si
1812 475 1957 521 intro-

421 550 592 611 spicere
618 549 769 596 altz‘us
802 550 915 597 velis
937 550 1091 610 ipsum
1113 549 1382 611 Apollinem
1416 551 1712 614 accepimus.
1784 551 1880 600 Vel
1916 550 1955 599 si

422 628 547 675 haec
575 626 800 674 sabulosa
833 625 979 675 nimis
1015 635 1065 675 et
1099 626 1377 691 composita
1410 628 1650 688 videntur,
1678 627 1799 677 illud
1822 638 1954 678 certe

421 703 541 751 mihi
566 702 814 764 concedis,
843 713 935 752 ete.

218 794 341 855 Agr.
378 808 422 852 4.
464 792 849 854 3-5.—Arcebat
880 807 993 839 eum
1028 792 1092 840 ab
1129 790 1372 841 illecebris
1407 792 1735 856 peccantium,
1762 802 1954 857 praeter

420 867 573 932 ipsius
608 869 794 917 bonam
835 868 1175 932 integramque
1209 879 1448 931 naturam,
1476 870 1612 934 quod
1649 870 1813 920 statim
1848 888 1954 935 par-

419 947 561 994 vulus
585 947 755 995 sedem
780 963 839 994 ac
864 946 1142 1010 magistram
1168 946 1437 997 studiorum
1466 948 1739 998 Massiliam
1764 948 1949 1008 habuit,

418 1024 584 1072 locum
622 1024 814 1082 Graeca
837 1023 1071 1073 comitate
1097 1034 1146 1073 et
1174 1024 1461 1088 provinciali
1486 1027 1719 1076 comitate
1754 1027 1954 1075 mistum

418 1116 477 1149 ac
501 1101 629 1149 bene
666 1100 1009 1163 compositum.
1086 1101 1333 1150 Memoria
1367 1111 1531 1164 teneo,
1559 1104 1754 1153 solitum
1791 1103 1953 1167 ipsum

418 1194 611 1227 narrare
632 1195 683 1227 se
707 1177 864 1241 prima
887 1177 938 1226 in
960 1180 1163 1240 juventa
1181 1179 1398 1228 studium
1421 1179 1762 1243 philosophiae
1778 1180 1949 1240 acrius,

417 1256 544 1304 ultra
585 1271 731 1318 quam
770 1271 1062 1304 concessum
1106 1259 1339 1307 Romano
1375 1266 1425 1306 et
1466 1260 1694 1320 senatori,
1731 1259 1954 1308 hausisse
1991 1296 1994 1299 -

419 1369 429 1381 .
468 1370 478 1381 .
522 1369 533 1381 .
572 1334 696 1381 Mox
736 1331 975 1396 mitigavit
1014 1335 1140 1382 ratio
1182 1343 1231 1384 et
1271 1343 1421 1393 aetas,
1464 1335 1775 1400 retinuitque,
1816 1337 1952 1400 quod

417 1419 491 1460 est
515 1410 869 1471 difficillimum,
896 1427 956 1459 ex
980 1411 1219 1475 sapientia
1243 1413 1460 1462 modum.

213 1500 285 1548 Ib.
318 1501 400 1560 46.
442 1499 605 1549 1.—Si
642 1500 750 1562 quis
785 1499 978 1562 piorum
1014 1500 1242 1550 manibus
1277 1502 1429 1563 locus,
1469 1502 1523 1562 si,
1560 1511 1614 1551 ut
1649 1501 1953 1565 sapientibus

416 1577 594 1640 placet,
619 1593 722 1626 non
748 1594 861 1626 cum
897 1593 1104 1640 corpore
1130 1577 1477 1642 extinguuntur
1511 1596 1708 1643 magnae
1740 1580 1949 1641 animae,

416 1654 613 1718 placide
649 1655 873 1718 quiescas
913 1654 1029 1708 [note
1058 1667 1148 1707 that
1167 1666 1249 1707 this
1268 1667 1303 1707 is
1322 1668 1545 1708 conceived
1572 1682 1669 1708 now
1687 1682 1732 1710 as
1751 1668 1954 1722 implying

420 1733 710 1773 consciousness
725 1733 773 1772 of
786 1739 867 1773 rest
882 1734 965 1773 and
984 1748 1112 1787 peace
1129 1749 1141 1784 ;
1169 1741 1351 1776 contrast
1366 1737 1486 1776 Lucr.
1508 1736 1562 1777 iii.
1582 1746 1675 1786 910,
1694 1737 1754 1775 ad
1761 1750 1951 1776 somnum

421 1808 461 1848 si
468 1821 530 1847 res
541 1808 645 1847 redit
660 1814 779 1860 atque
790 1808 968 1861 quietem,
988 1809 1014 1848 i.
1023 1823 1051 1849 e.
1072 1806 1381 1863 annihilation]‚
1394 1816 1585 1863 nosque
1599 1800 1801 1849 domum
1815 1809 1950 1849 tuam

416 1876 480 1924 ab
517 1874 710 1924 infirmo
746 1875 993 1924 desiderio
1029 1885 1078 1924 et
1112 1876 1430 1926 muliebribus
1465 1878 1691 1927 lamentis
1727 1878 1792 1927 ad
1830 1894 1948 1928 con·

416 1951 790 2015 templationem
808 1952 1042 2001 virtutum
1067 1962 1259 2003 tuarum
1276 1970 1439 2015 voces,
1463 1971 1585 2018 quas
1610 1971 1772 2018 neque
1797 1956 1951 2020 lugeri
1961 2005 1971 2012 μ,

417 2046 580 2093 neque
603 2029 770 2094 plangi
794 2031 868 2079 fas
893 2040 981 2080 est.

220 2118 377 2168 Germ.
406 2134 484 2180 33.
519 2117 915 2167 1.-Charnavos
950 2127 999 2167 et
1035 2118 1351 2182 Angrivarios
1391 2118 1679 2184 inmigrasse
1714 2128 1961 2181 narratur,

414 2196 568 2258 pulsis
599 2196 842 2244 Bructeris
868 2211 926 2243 ac
961 2197 1157 2259 penitus
1182 2196 1370 2257 excisis,
1396 2197 1667 2246 vicinarum
1703 2214 1949 2248 consensu

414 2270 670 2319 nationum
688 2289 702 2332 ;
743 2288 830 2320 seu
866 2272 1124 2335 superbiae
1159 2273 1278 2322 odio
1314 2290 1402 2323 seu
1436 2276 1649 2337 praedae
1683 2275 1949 2325 dulcedine

415 2365 502 2398 seu
539 2350 705 2398 favore
740 2349 959 2411 quodam
1001 2366 1114 2413 erga
1153 2365 1247 2398 nos
1288 2350 1493 2400 deorum
1512 2369 1526 2413 5
1561 2368 1678 2400 nam
1714 2369 1778 2402 ne
1813 2369 1948 2416 spec-

413 2427 580 2476 taculo
604 2425 804 2490 quidem
828 2425 997 2489 praelii
1022 2426 1254 2476 invidere.

306 2533 455 2575 Before
473 2547 555 2586 any
570 2548 649 2574 one
670 2534 770 2574 calls
789 2533 871 2573 this
886 2534 1119 2584 sentiment,
1144 2535 1227 2574 and
1247 2535 1337 2575 that
1357 2536 1406 2575 of
1418 2536 1490 2575 the
1503 2542 1585 2576 rest
1605 2536 1650 2576 of
1669 2537 1739 2577 the
1761 2537 1943 2591 chapter,

414 2598 592 2651 impious
612 2599 694 2638 and
713 2598 927 2646 inhumari,
951 2598 1009 2638 let
1037 2598 1125 2637 him
1154 2612 1348 2652 compare
1376 2610 1401 2639 2
1431 2600 1586 2641 Chron.
1621 2615 1686 2642 xx.
1721 2610 1870 2653 17-25;
1899 2603 1943 2652 if,

411 2663 516 2703 after
534 2663 657 2715 study
679 2663 727 2702 of
749 2663 820 2701 the
839 2668 923 2702 two
951 2676 1157 2715 passageS‚
1181 2664 1234 2704 he
1263 2664 1477 2705 continues
1506 2671 1549 2705 to
1577 2666 1705 2719 apply
1733 2667 1804 2707 the
1832 2680 1946 2708 same

414 2727 591 2779 epithets
610 2733 654 2766 to
674 2727 855 2776 Tacitus,
879 2726 933 2766 he
952 2727 1027 2766 has
1046 2740 1071 2766 a
1090 2726 1199 2779 right
1218 2733 1262 2766 to
1280 2727 1344 2766 his
1364 2728 1548 2780 opinion.

210 2815 251 2863 I
243 2815 281 2863 b.
301 2829 376 2877 39.
394 2811 584 2873 4.—Ibi
602 2820 830 2875 regnator
848 2810 1068 2860 omnium
1090 2811 1210 2859 deUS
1226 2821 1290 2870 (of
1297 2822 1367 2861 the
1378 2821 1486 2862 local
1501 2822 1676 2875 religion
1688 2823 1736 2863 of
1744 2824 1814 2864 the
1828 2825 1943 2865 Sem-

411 2891 573 2939 nones).
606 2889 698 2928 The
714 2889 812 2941 only
827 2901 1000 2941 passage
1012 2888 1149 2928 where
1161 2889 1331 2928 Tacitus
1346 2902 1438 2929 uses
1450 2891 1545 2929 deus
1558 2890 1602 2930 in
1616 2904 1641 2930 a
1655 2892 1946 2932 monotheistic

412 2967 529 2994 sense
545 2968 557 3002 3
585 2953 628 2992 in
643 2953 706 2992 his
726 2959 900 2993 account
913 2953 961 2992 of
971 2952 1128 3005 Jewish
1147 2953 1425 2992 monotheism
1445 2955 1571 3003 (Hist.
1596 2969 1634 2994 v.
1657 2962 1693 3007 5.
1715 2955 1771 3005 6),
1787 2955 1841 2996 he
1855 2969 1947 2996 uses

411 3019 482 3059 the
495 3031 647 3070 vaguer
659 3018 775 3056 word
791 3031 955 3066 numen,
979 3017 1225 3069 apparently
1239 3017 1444 3070 thinking,
1461 3019 1546 3059 like
1563 3019 1724 3068 Strabo,
1741 3020 1831 3059 that
1845 3020 1946 3060 such

411 3082 598 3135 spiritual
631 3081 780 3121 theism
808 3095 952 3135 verges
981 3095 1036 3122 on
1068 3082 1493 3134 pantheism,-some
1521 3083 1654 3124 called
1686 3084 1718 3124 it
1750 3084 1937 3124 atheism.

415 3146 479 3188 ef.
505 3147 636 3187 Germ.
662 3156 700 3197 9.
726 3156 751 3198 3
759 3146 845 3199 fin.
