2132 3380
248 213 349 266 106
747 212 1133 267 CORNELII
1172 211 1446 266 TACITI

243 359 391 407 segne
426 352 511 393 aut
546 351 830 407 corruptum
864 344 980 391 luxu
1016 341 1121 403 iter,
1149 342 1236 391 sed
1271 342 1423 391 lorica
1457 343 1611 391 ferrea
1643 358 1760 391 usus
1796 350 1883 402 est,
1918 350 1968 391 et

241 440 356 480 ante
381 431 520 495 signa
551 431 793 495 pedester,
821 430 1061 490 horridus,
1088 431 1382 493 incomptus,
1409 430 1668 493 famaeque
1703 429 1964 480 dissimilis.

149 523 213 562 12
244 519 596 569 Blandiebatur
641 518 831 582 coeptis
878 520 1085 578 fortuna,
1134 533 1364 580 possessa
1409 533 1498 580 per
1540 533 1674 566 mare
1720 527 1769 567 et
1816 533 1967 567 naves

241 607 428 668 majore
464 606 637 656 Italiae
673 615 811 669 parte
847 605 1045 669 penitus
1085 620 1242 667 usque
1281 603 1347 653 ad
1386 603 1580 653 initium
1620 603 1968 655 maritimarum

240 694 458 756 Alpium.
533 693 725 755 Quibus
752 692 1000 742 tentandis
1035 691 1499 755 adgrediendaeque
1533 693 1813 756 provinciae
1849 695 1970 741 Nar·
1992 713 2016 745 2

240 781 452 830 bonensi
478 781 713 831 Suedium
738 781 1063 841 Clementem,
1090 779 1366 828 Antonium
1397 781 1446 827 Ν
1450 780 1676 842 ovellum,
1701 779 1967 830 Aemilium

242 870 514 917 Pacensem
539 869 691 917 duces
711 867 929 917 dederat.
1003 867 1103 916 Sed
1130 866 1363 916 Pacensis
1382 883 1470 930 per
1486 866 1735 916 licentiam
1758 867 1967 917 militum
1993 881 2017 929 3

239 955 464 1016 vinctus;
497 954 719 1004 Antonio
745 955 959 1004 Novello
994 955 1129 1003 nulla
1163 954 1458 1003 auctoritas:
1492 954 1699 1004 Suedius
1735 956 1967 1005 Clemens

240 1043 505 1093 ambitioso
530 1043 737 1107 imperio
762 1043 979 1107 regebat,
1006 1051 1060 1091 ut
1084 1042 1317 1091 adversus
1348 1042 1645 1091 modestiam
1680 1042 1968 1106 disciplinae

238 1140 509 1195 corruptus,
542 1131 611 1180 ita
645 1132 940 1195 praeliorum
974 1130 1163 1180 avidus.
1234 1132 1353 1179 Non
1390 1130 1538 1179 Italia
1571 1130 1695 1180 adiri
1728 1147 1823 1180 nec
1857 1133 1969 1181 loca
1988 1145 2018 1185 4

239 1219 481 1281 sedesque
504 1219 692 1282 patriae
715 1218 1041 1268 videbantur:
1076 1227 1329 1281 tamquam
1354 1227 1557 1268 externa
1579 1218 1724 1268 litora
1748 1227 1797 1268 et
1820 1220 1966 1268 urbes

238 1305 455 1354 hostiurn
479 1322 631 1367 urere,
659 1315 863 1367 vastare,
890 1322 1074 1369 rapere,
1102 1322 1163 1355 eo
1187 1305 1401 1355 atrocius
1430 1305 1567 1369 quod
1601 1305 1724 1354 nihil
1758 1322 1967 1370 usquam

238 1393 488 1456 provisum
507 1394 767 1444 adversum
785 1402 959 1443 metus.
1021 1394 1162 1442 Pleni
1180 1393 1295 1457 agri,
1313 1403 1512 1457 apertae
1530 1394 1720 1443 domus.
1787 1396 1970 1445 Occur-
1988 1413 2011 1462 5

239 1489 405 1530 santes
442 1481 633 1531 domini
668 1483 811 1545 juxta
850 1482 1090 1545 conjuges
1131 1490 1181 1530 et
1221 1481 1403 1531 liberos
1445 1480 1705 1531 securitate
1744 1481 1880 1545 pacis
1922 1493 1970 1532 et

237 1568 358 1617 belli
381 1571 514 1619 malo
538 1569 1059 1620 circumveniebantur.
1134 1568 1410 1618 Maritimas
1438 1578 1543 1618 tum
1576 1570 1730 1633 Alpes
1764 1570 1966 1619 tenebat

238 1666 525 1719 procurator
572 1657 761 1706 Marius
810 1659 1050 1707 Maturus.
1131 1659 1182 1705 Is
1228 1656 1426 1707 concita
1470 1666 1618 1721 gente
1665 1656 1781 1723 (nec
1826 1657 1966 1706 deest

233 1744 505 1811 juventus,)
531 1761 695 1795 arcere
719 1745 1004 1809 provinciae
1027 1746 1208 1795 finibus
1234 1745 1546 1811 Othonianos
1571 1745 1794 1795 intendit.
1867 1746 1965 1795 Sed
1987 1754 2016 1801 6
2039 1806 2042 1810 .

237 1831 396 1895 primo
438 1833 629 1897 impetu
670 1833 801 1883 caesi
843 1833 1137 1897 disjectique
1178 1834 1415 1895 montani,
1459 1843 1514 1883 ut
1559 1833 1736 1897 quibus
1782 1842 1965 1884 temere

238 1920 474 1981 collectis,
524 1938 627 1970 non
674 1931 847 1983 castra,
898 1939 1002 1971 non
1051 1922 1229 1971 ducem
1279 1921 1651 1983 noscitantibus‚
1699 1938 1863 1985 neque
1913 1922 1966 1970 in

146 2022 212 2079 13
238 2009 444 2059 victoria
486 2010 640 2058 decus
682 2019 812 2059 esset
852 2027 1016 2073 neque
1056 2010 1108 2058 in
1153 2011 1268 2074 fuga
1312 2009 1562 2074 flagitium.
1636 2010 1857 2059 Irritatus
1904 2026 1965 2060 eo

236 2096 423 2159 praelio
450 2097 663 2146 Othonis
688 2097 830 2146 miles
853 2098 997 2147 vertit
1020 2097 1115 2147 iras
1139 2097 1188 2145 in
1213 2097 1535 2160 municipium
1569 2097 1962 2148 Albintimilium.

239 2184 439 2248 Quippe
468 2184 520 2232 in
555 2185 662 2234 acie
696 2185 819 2234 nihil
853 2186 1082 2249 praedae,
1109 2186 1284 2249 inopes
1318 2194 1533 2249 agrestes
1570 2195 1619 2235 et
1653 2185 1767 2235 vilia
1801 2202 1937 2235 arma
1953 2205 1967 2249 3

235 2287 330 2320 nec
376 2271 488 2334 capi
533 2281 775 2334 poterant,
825 2273 999 2336 pernix
1047 2289 1202 2337 genus
1255 2282 1305 2323 et
1355 2273 1495 2338 gnari
1545 2274 1782 2323 locorum.
1867 2275 1965 2325 Sed
1991 2288 2015 2319 2

288 2371 518 2416 famaeque
532 2369 772 2424 dissimilis]
819 2371 974 2412 Unlike
988 2372 1059 2412 the

236 2425 469 2477 reputation
487 2425 540 2464 he
567 2425 651 2464 had
679 2425 1058 2478 already—though

235 2479 413 2531 perhaps
440 2479 494 2518 he
521 2492 662 2518 means
690 2479 790 2528 also,
817 2480 959 2520 unlike
988 2481 1058 2520 the

149 2541 151 2545 ’
235 2538 393 2585 reports
413 2532 632 2572 circulated
650 2533 899 2583 afterwards,
922 2534 1058 2574 which

235 2600 298 2627 we
316 2592 385 2638 get
403 2586 446 2625 in
461 2586 553 2638 Juv.
580 2587 619 2627 ii.
645 2598 698 2637 99
718 2601 804 2639 sqq.

291 2641 375 2681 CH.
411 2640 516 2680 XII.
550 2651 575 2679 2
603 2645 819 2691 Suedium,
843 2641 943 2693 etc.]
977 2643 1057 2683 We

235 2695 318 2788 lgiad
346 2695 454 2734 their
480 2707 622 2734 names
649 2696 772 2747 given
799 2696 938 2736 before
965 2697 1008 2736 in
1026 2698 1051 2738 i.

267 2758 300 2799 7.
327 2759 364 2788 2.

290 2813 314 2854 3
336 2804 568 2842 ambitioso
586 2801 787 2856 imperio]
811 2804 868 2844 So
883 2804 972 2844 that
986 2805 1054 2854 he,

236 2857 380 2895 unlike
398 2856 469 2896 the
487 2862 581 2904 rest,
602 2858 819 2909 preserved
839 2858 1054 2908 influence,

237 2910 397 2962 though
433 2917 507 2950 not
544 2910 592 2950 of
622 2925 648 2951 a
684 2918 767 2951 sort
805 2914 1060 2964 respectable

237 2965 402 3016 enough
421 2970 463 3004 to
483 2965 537 3004 be
556 2965 690 3005 called
708 2967 926 3006 auctoritz's.

291 3021 504 3057 adversus
537 3048 547 3058 .
582 3048 591 3058 .
626 3048 635 3058 .
671 3018 924 3073 corruptus]
969 3022 1060 3062 The

238 3073 316 3111 last
335 3073 449 3111 word
468 3073 511 3111 in
530 3074 653 3113 much
671 3074 742 3114 the
756 3088 867 3115 same
882 3089 997 3115 sense
1016 3089 1060 3115 as

153 3158 164 3168 ‚
237 3131 473 3177 corruptum
510 3128 695 3176 luxuria,
726 3129 767 3167 in
804 3129 873 3169 the
910 3130 990 3169 end
1019 3130 1067 3170 of

240 3179 309 3219 the
325 3193 357 3220 c.
378 3180 518 3221 before
533 3194 546 3230 3
574 3181 627 3221 he
642 3195 725 3222 was
740 3196 765 3222 a
778 3183 933 3223 vicious
947 3197 1055 3233 man,

1141 2372 1274 2411 which
1298 2373 1518 2424 prevented
1544 2373 1608 2412 his
1645 2373 1825 2426 keeping
1856 2375 1967 2425 good

1142 2427 1370 2479 discipline.

1195 2492 1223 2531 4
1249 2481 1439 2531 patriae]
1482 2480 1555 2520 All
1576 2481 1686 2533 Italy
1700 2481 1733 2521 is
1752 2482 1850 2522 here
1868 2495 1963 2522 con-

1143 2534 1284 2574 ceived
1302 2548 1346 2574 as
1365 2535 1435 2574 the
1444 2536 1588 2587 patria
1603 2535 1651 2575 of
1663 2536 1719 2574 all
1739 2536 1964 2576 Italians—

1144 2596 1214 2628 not
1234 2589 1303 2629 the
1331 2602 1524 2629 common
1554 2590 1718 2629 Roman
1745 2591 1850 2630 view
1870 2591 1957 2642 (eng.

1144 2643 1199 2684 iii.
1235 2642 1271 2684 8.
1307 2654 1346 2691 2,
1379 2642 1443 2683 86.
1483 2654 1516 2692 1,
1554 2644 1636 2683 and
1669 2643 1716 2683 of
1739 2643 1965 2684 Tiberius's

1141 2698 1305 2790 leavigg
1325 2698 1460 2738 Rome
1486 2697 1550 2737 for
1577 2699 1824 2751 Campania,
1843 2699 1958 2738 Ann.

1143 2752 1196 2792 iv.
1225 2760 1246 2803 5
1278 2782 1287 2791 .
1313 2753 1369 2803 3).

1198 2807 1282 2846 CH.
1335 2806 1464 2845 XIII.
1527 2816 1544 2844 1
1606 2808 1962 2857 Albmtmfflum]

1146 2860 1391 2899 Sometimes
1424 2859 1587 2899 written
1623 2860 1666 2898 in
1702 2865 1785 2899 two
1814 2860 1962 2908 words,

1143 2915 1314 2953 Albium
1360 2914 1617 2953 Intemelium
1666 2914 1752 2962 (the
1806 2913 1965 2953 inhabi-

1145 2974 1253 3008 tants
1273 2968 1321 3008 of
1333 2968 1405 3007 the
1423 2968 1581 3007 district
1599 2981 1667 3007 are
1695 2967 1829 3007 called
1858 2967 1966 3007 Inte-

1144 3022 1255 3062 melii
1272 3023 1315 3061 in
1329 3023 1433 3074 Agr.
1458 3029 1493 3072 7.
1520 3022 1570 3071 1),
1587 3034 1682 3061 now
1697 3021 1966 3073 Ventimiglia

1145 3090 1191 3116 or
1226 3075 1467 3116 Vintimille.
1540 3075 1769 3127 Agricola’s
1805 3076 1967 3115 mother

1144 3143 1228 3170 was
1265 3129 1395 3169 killed
1432 3130 1476 3169 in
1512 3129 1583 3169 the
1620 3142 1762 3170 course
1798 3129 1846 3169 of
1885 3129 1966 3168 this

1145 3185 1289 3224 inroad
1311 3184 1414 3233 (ΖΛ.)
